@Article{davidbutlerWhyGulfMusic1997a,
  eprinttype = {jstor},
  eprint = {40375331},
  langid = {english},
  title = {Why the {{Gulf}} between {{Music Perception Research}} and {{Aural Training}}?},
  number = {132},
  journaltitle = {Bulletin of the Council for Research in Music Education},
  date = {1997},
  author = {David Butler},
  file = {/Users/davidjohnbaker/Zotero/storage/23JDBLIK/David Butler - 1997 - Why the Gulf between Music Perception Research and.pdf},
}
@Article{klonoskiPerceptualLearningHierarchy2000,
  eprinttype = {jstor},
  eprint = {40374408},
  langid = {english},
  title = {A {{Perceptual Learning Hierarchy}}: {{An Imperative}} for {{Aural Skills Pedagogy}}},
  volume = {4},
  journaltitle = {College Music Symposium},
  date = {2000},
  pages = {168-169},
  author = {Edward Klonoski},
  file = {/Users/davidjohnbaker/Zotero/storage/AVR4AJPU/Klonoski - 2000 - A Perceptual Learning Hierarchy An Imperative for.pdf},
}
