@Article{albrechtUseLargeCorpora2013,
  title = {The {{Use}} of {{Large Corpora}} to {{Train}} a {{New Type}} of {{Key}}-{{Finding Algorithm}}: {{An Improved Treatment}} of the {{Minor Mode}}},
  volume = {31},
  issn = {07307829, 15338312},
  shorttitle = {The {{Use}} of {{Large Corpora}} to {{Train}} a {{New Type}} of {{Key}}-{{Finding Algorithm}}},
  doi = {10.1525/mp.2013.31.1.59},
  language = {en},
  number = {1},
  journal = {Music Perception: An Interdisciplinary Journal},
  author = {Joshua Albrecht and Daniel Shanahan},
  month = {sep},
  year = {2013},
  pages = {59-67},
  file = {/Users/davidjohnbaker/Zotero/storage/6FFSR3WA/Albrecht and Shanahan - 2013 - The Use of Large Corpora to Train a New Type of Ke.pdf},
}
